3784 5750
286 368 328 427 lv

285 546 449 618 editione
491 545 693 619 lectoribus
735 544 897 637 petenda
938 548 1075 631 esset“‚
1117 568 1163 616 ex
1204 568 1278 638 qua
1318 544 1483 617 editione
1522 546 1808 620 accuratissima

284 658 520 801 aliquantum
553 705 646 779 lucri
678 705 726 777 ad
754 704 1022 779 conficiendum
1051 705 1121 776 hoc
1149 726 1243 796 opus
1270 704 1364 776 mihi
1392 705 1619 778 redundasse
1647 706 1807 778 libenter

284 866 473 960 profiteor.

445 1026 655 1109 Postmmn,
675 1025 713 1097 id
732 1025 831 1119 quod
850 1024 940 1118 quin
961 1024 1173 1116 exoptabile
1191 1024 1241 1095 sit
1253 1023 1553 1098 additamentum
1567 1047 1643 1098 non
1659 1025 1804 1097 dubita·

284 1187 419 1271 verim,
446 1185 560 1257 attuli
586 1186 754 1257 virorum
781 1184 978 1257 doctorum
1005 1184 1268 1270 correctiones,
1297 1184 1592 1273 emendationes,
1620 1188 1804 1259 coniectu·

286 1371 346 1419 ras
380 1368 516 1440 easque
548 1346 664 1418 etiam
691 1344 917 1435 complures,
951 1366 1047 1439 quae
1074 1344 1241 1417 nondum
1267 1344 1315 1416 ab
1343 1344 1549 1416 editoribus
1577 1345 1803 1441 hymnorum

286 1506 571 1579 Homericorum
608 1509 780 1596 receptae
817 1509 918 1589 sunt,
956 1527 1088 1577 verum
1124 1505 1185 1577 hic
1220 1504 1298 1578 illie
1330 1505 1520 1597 dispersae
1551 1504 1801 1579 inveniuntur.

287 1670 385 1750 Quas
415 1666 647 1738 coniecturas
676 1668 718 1736 ut
745 1665 910 1736 maxima
937 1688 1024 1738 cum
1051 1663 1246 1760 diligentia
1268 1686 1504 1757 excerperem
1525 1686 1648 1760 neque
1672 1687 1802 1758 operae
1870 1646 1872 1749 i

286 1848 407 1920 neque
425 1848 535 1898 curae
553 1849 614 1897 me
630 1826 855 1918 pepercisse,
874 1826 917 1911 ii,
935 1846 1095 1919 quorum
1113 1845 1159 1895 ex
1178 1847 1248 1896 usu
1267 1822 1355 1896 illae
1373 1824 1550 1898 collectae
1569 1828 1674 1911 sunt,
1692 1826 1801 1897 velim
1870 1820 1872 1901 l

286 1985 440 2059 credant
468 1966 582 2079 atque
610 1986 642 2058 si
669 1986 758 2080 quid
786 1985 991 2071 omiserim,
1019 1985 1155 2056 bonam
1184 1983 1275 2055 dent
1300 1984 1459 2057 veniam.

445 2144 525 2218 Hac
567 2168 636 2240 ego
677 2146 882 2238 appendice
919 2145 951 2216 si
988 2145 1026 2216 id
1063 2146 1234 2229 effecero,
1276 2147 1320 2215 ut
1361 2146 1400 2215 et
1440 2142 1606 2217 officium
1646 2144 1800 2217 libenter

287 2309 501 2398 susceptum
535 2308 662 2378 sancte
695 2328 863 2377 servasse
894 2309 933 2377 et
966 2304 1100 2376 studiis
1128 2303 1337 2377 Homericis
1364 2303 1516 2399 aliquod
1544 2304 1799 2377 adiumentum

287 2465 666 2561 commoditatemque
694 2466 868 2538 attulisse
895 2465 1038 2549 videar,
1065 2486 1240 2568 magnam
1268 2486 1396 2536 euram
1423 2466 1462 2535 et
1487 2463 1722 2558 diligentiam
1742 2485 1797 2534 me

286 2646 362 2698 nou
389 2625 530 2698 frustra
557 2626 642 2699 huie
671 2627 775 2719 operi
802 2626 1016 2698 adhibuisse
1042 2624 1224 2698 iudicabo.

447 2840 596 2926 Gerae,
624 2863 751 2914 mense
780 2838 954 2913 ianuario
982 2863 1014 2911 a.
1043 2835 1302 2911 Moeeexev.
1397 2788 1402 2800 i
