3784 5750
232 357 269 412 IV

392 524 444 595 Ut
467 524 582 619 igitur
605 523 705 596 huno
722 523 883 596 indicem
902 544 1027 595 meum
1046 523 1160 595 etiam
1179 528 1267 615 post
1283 521 1436 596 Henriei
1455 522 1611 620 Ebeling
1630 524 1755 597 sooio·
1888 502 1889 589 Ῐ

231 705 390 777 rumque
412 681 507 771 eius,
535 682 669 777 quibus
693 687 876 776 quantum
899 681 1017 756 veluti
1045 681 1105 754 hie
1127 681 1204 753 illio
1227 681 1266 753 in
1290 680 1529 776 disponendis
1554 684 1755 776 particulis

233 843 388 916 debeam
415 848 523 938 grato
551 841 677 914 animo
705 842 899 935 profiteor,
932 863 1025 935 opus
1057 840 1395 915 laboriosissimum
1422 864 1498 916 non
1527 865 1754 937 supervaca-

232 1024 346 1075 neum
363 1001 443 1075 fore
464 1023 588 1096 sporo,
610 1000 832 1095 praesertim
851 1022 936 1074 cum
959 1000 1166 1093 permultos
1185 1007 1224 1074 et
1242 1007 1439 1074 auctorum
1460 1009 1499 1074 et
1521 1003 1754 1098 typographi

233 1182 379 1234 errores
412 1161 650 1249 correxerim,
684 1161 740 1233 ita
771 1182 839 1254 pro
872 1159 1014 1232 viribus
1046 1159 1234 1232 laboranti
1266 1158 1306 1232 in
1338 1166 1446 1233 tanta
1479 1163 1753 1243 vocabulorum
1888 1262 1889 1277 ἵ

233 1322 347 1409 mole,
376 1321 408 1393 si
435 1320 525 1415 quid
552 1320 715 1414 peceavi,
742 1317 821 1393 fore
849 1326 893 1392 ut
920 1319 1139 1416 indulgeant
1165 1319 1321 1393 lectores
1350 1320 1521 1393 benevoli
1550 1324 1704 1396 confido.
1739 1389 1741 1393 ,

392 1479 523 1566 Index,
551 1479 820 1573 qualiscunque
843 1485 916 1566 oet,
944 1479 977 1552 ei
1004 1478 1218 1552 hominibus
1247 1479 1366 1552 doctis
1394 1503 1439 1552 ex
1464 1487 1571 1575 parte
1596 1488 1751 1555 tantum

232 1638 468 1733 probabitur,
496 1598 674 1734 magnum
701 1637 787 1712 inde
814 1636 979 1712 fructum
1006 1639 1214 1732 percepisse
1241 1639 1334 1711 mihi
1362 1639 1525 1714 videbor.

391 1798 589 1892 Reliquum
618 1805 690 1885 eet,
717 1804 763 1871 ut
788 1798 864 1871 iam
889 1797 1092 1872 Bartholdo
1117 1797 1301 1871 Delbrdclr
1328 1805 1367 1870 et
1391 1799 1565 1873 Eduardo
1591 1799 1752 1889 Sievers,

210 1953 324 2033 =viris
357 1957 598 2045 doctissimis,
630 1958 695 2052 qui
723 1981 797 2053 qua
823 1958 885 2032 via
912 1958 952 2031 in
980 1958 1235 2052 componendo
1268 1958 1338 2046 boe
1366 1980 1477 2053 opere
1504 1959 1642 2033 laboris
1669 1960 1748 2056 ple·

232 2117 388 2192 nissimo
420 2118 614 2212 aptissime
647 2118 922 2212 procedendum
956 2119 1005 2191 sit
1036 2118 1194 2214 benigne
1226 2117 1319 2190 mihi
1347 2125 1684 2207 monstraverunt·
1703 2129 1754 2194 ut

233 2300 301 2370 par
330 2283 402 2364 est,
430 2277 570 2373 gratias
597 2300 706 2374 agam
735 2300 847 2371 quam
874 2276 1067 2351 maximas.

393 2490 543 2579 Gerae,
571 2513 698 2565 mense
725 2491 844 2585 Aprili
872 2514 903 2564 a
933 2491 1176 2564 MDCCOXCI.

1401 2646 1451 2728 A.
1480 2646 1691 2747 Gebrlng.
