3784 5750
279 1547 409 1658 Hunc
424 1584 600 1670 indicem,
615 1585 679 1679 qui
694 1584 862 1657 omnium
876 1585 1091 1672 verborum,
1106 1607 1201 1679 quae
1214 1584 1254 1656 in
1267 1583 1418 1678 hymnis
1428 1581 1638 1657 Homericis

116 1746 310 1839 leguntur,
344 1745 512 1817 continet
543 1744 683 1816 formas
716 1746 755 1815 et
776 1712 888 1816 locos
920 1745 1067 1817 ratione
1100 1748 1138 1816 et
1166 1744 1295 1816 ordine
1323 1747 1562 1816 enumeratos
1590 1746 1639 1816 ad

114 1928 236 1978 unum
274 1926 417 1989 omnes,
454 1904 696 1996 appendicem
734 1927 814 1976 esse
848 1904 952 1977 volui
986 1904 1087 1976 illius
1119 1904 1252 1978 indicis
1284 1902 1489 1991 Homerici,
1527 1928 1638 1999 quem

113 2086 217 2138 anno
238 2066 323 2136 1891
348 2063 508 2149 absolvi,
531 2065 635 2137 cuius
659 2065 698 2136 in
721 2064 954 2156 praefatione
972 2064 1162 2158 pollicitus
1183 2088 1265 2137 sum
1284 2088 1344 2136 me
1362 2064 1468 2137 brevi
1486 2064 1638 2137 illorum

113 2225 319 2299 verborum
346 2223 616 2316 supellectilem
643 2223 744 2296 foras
772 2225 950 2305 daturum
977 2249 1067 2297 esse.

277 2384 472 2456 Institutio
496 2407 540 2457 ac
562 2385 660 2456 ratio
685 2384 814 2479 quales
839 2386 916 2457 sint
938 2386 1049 2458 huius
1062 2366 1222 2470 indicis,
1250 2408 1334 2458 cum
1358 2408 1403 2456 ex
1426 2384 1492 2457 illo
1516 2384 1638 2456 indice

112 2547 260 2617 maiore
293 2546 384 2616 satis
415 2544 527 2618 liceat
559 2545 747 2638 cognosci,
779 2554 877 2618 nunc
909 2568 1029 2638 pauca
1060 2546 1196 2617 addere
1228 2545 1322 2616 mihi
1349 2548 1408 2616 est
1436 2544 1474 2615 in
1501 2545 1638 2616 animo.

276 2705 330 2778 Ac
366 2705 531 2797 primum
568 2727 794 2800 quamquam
830 2707 927 2778 hunc
960 2706 1121 2778 indicem
1152 2706 1201 2776 ad
1233 2704 1446 2797 exemplum
1484 2705 1638 2776 maioris

112 2865 294 2940 editionis
322 2866 550 2939 constituere
578 2864 672 2938 mihi
698 2858 936 2958 propositum
964 2868 1061 2951 erat,
1090 2869 1218 2938 tamen
1246 2888 1322 2938 non
1349 2865 1459 2938 unius
1487 2866 1639 2936 tantum

111 3027 293 3100 editionis
321 3027 549 3121 hymnorum
571 3025 856 3099 Homericorum
884 3026 1064 3099 lectiones
1091 3028 1130 3099 in
1160 3024 1422 3098 enumerandis
1446 3025 1638 3098 vocabulis

112 3187 321 3281 formisque
345 3186 529 3280 congessi,
555 3185 619 3257 sed
643 3188 824 3279 quattuor
846 3186 998 3258 illarum
1021 3187 1242 3259 editionum:
1266 3185 1516 3257 Baumeisteri
1538 3185 1639 3278 Lips.

111 3372 148 3419 a.
171 3349 273 3433 1860,
296 3346 419 3418 Abelii
441 3347 540 3438 Lips.
561 3349 601 3417 01
622 3346 730 3441 Prag.
749 3370 780 3418 a.
801 3349 904 3432 1886,
928 3346 1103 3419 Gemollii
1125 3347 1224 3438 Lips.
1248 3370 1280 3418 a.
1300 3347 1403 3430 1886,
1427 3344 1639 3419 Goodvvinii

110 3508 231 3580 Oxon.
255 3529 287 3578 a.
311 3508 400 3578 1893
422 3506 479 3578 ita
501 3510 545 3578 ut
569 3529 661 3600 quas
684 3506 934 3579 Baumeisteri
957 3510 996 3579 et
1018 3505 1140 3578 Abelii
1163 3508 1202 3578 et
1220 3505 1430 3578 Goodwinii
1456 3505 1639 3578 editiones

114 3667 297 3740 exhibent
319 3667 500 3740 lectiones
524 3667 593 3738 sub
615 3669 724 3738 textu
746 3670 977 3739 annotarem.
1014 3667 1144 3760 Neque
1167 3668 1296 3737 tamen
1320 3667 1640 3757 operaepretium

113 3850 201 3900 esse
227 3826 359 3919 putavi
385 3826 424 3897 in
452 3825 625 3898 omnibus
652 3825 699 3897 iis
726 3826 933 3913 vocabuliS,
967 3826 1100 3921 quibus
1128 3826 1176 3897 ab
1203 3824 1335 3897 Abelio
1364 3825 1552 3919 digamma
1578 3826 1639 3898 vel

113 3987 264 4061 initiale
278 3987 497 4059 restitutum
510 3989 569 4058 est
578 3986 638 4059 vel
647 3986 812 4058 medium
826 3985 1009 4057 insertum
1021 3988 1090 4071 est,
1103 3987 1200 4057 hanc
1218 3984 1386 4056 litteram
1400 4006 1559 4070 servare,
1575 3986 1639 4056 sed

108 4169 274 4241 prorsus
298 4147 474 4218 omittere
497 4145 597 4217 haud
620 4145 724 4217 nefas
749 4146 853 4233 duxi,
876 4147 950 4217 nisi
973 4147 1037 4219 ubi
1059 4147 1108 4217 ad
1130 4147 1277 4217 hiatum
1299 4144 1508 4217 tollendum
1526 4145 1640 4230 valet,

113 4306 343 4401 praesertim
370 4329 455 4379 cum
477 4305 638 4377 adeundi
661 4306 786 4398 ipsum
808 4307 953 4379 iontem
975 4308 1075 4379 illius
1099 4306 1275 4378 editionis
1298 4304 1501 4377 Abelianae
1525 4327 1639 4397 penes

113 4488 422 4561 unumquemque
440 4466 620 4539 lectorem
640 4466 690 4537 sit
708 4470 887 4558 potestas.
918 4466 1015 4539 ltem
1029 4457 1150 4538 Abelii
1163 4465 1351 4538 vocalium
1365 4465 1639 4538 contractiones

113 4632 156 4701 et
197 4626 476 4712 distractiones
512 4624 606 4696 alias
640 4626 846 4718 scripturae
878 4626 1037 4699 leviores
1070 4626 1308 4698 diversitates
1348 4628 1392 4696 ut
1424 4626 1641 4697 constanter

114 4788 359 4861 observarem
386 4790 425 4858 et
452 4787 689 4871 annotarem,
716 4786 810 4857 mihi
837 4786 1061 4879 persuadere
1088 4808 1164 4858 non
1192 4785 1309 4878 potui.

280 4946 480 5019 Praeterea
511 4946 923 5037 praestantissimorum
951 4947 1120 5020 codicum
1146 4947 1271 5018 varias
1299 4945 1477 5018 lectiones
1506 4921 1640 5036 recepi,

110 5107 293 5202 inprimis
330 5106 534 5178 editionem
571 5108 721 5178 secutus
753 5106 890 5194 Abelii,
927 5108 991 5202 qui
1025 5128 1179 5194 „omnes
1212 5128 1259 5178 ne
1291 5105 1456 5177 minimis
1489 5103 1639 5198 quidem

110 5269 286 5361 exceptis
305 5267 345 5338 in
363 5266 463 5338 notis
482 5265 646 5352 rettulit,
669 5287 716 5336 ne
735 5266 813 5338 ulla
831 5267 1014 5339 bonorum
1034 5267 1203 5340 codicum
1223 5267 1334 5339 lectio
1353 5289 1374 5338 e
1391 5264 1640 5337 Baumeisteri
