3784 5750
1536 636 1636 781 tsd

1532 810 1730 985 esea

1554 1037 1663 1175 65

335 1676 565 1795 Ennaeas,
593 1710 711 1784 lector
739 1709 931 1798 benevole,
960 1710 1119 1783 inuicem
1142 1710 1398 1798 Homericum,
1427 1711 1532 1784 curus
1556 1711 1690 1785 edendi

164 1875 262 1943 ante
294 1869 363 1941 hos
392 1875 475 1944 octo
503 1892 622 1943 annos
650 1869 847 1944 consilium
875 1870 971 1965 cepi,
1003 1870 1123 1944 multo
1152 1877 1283 1964 postea
1310 1893 1423 1965 quam
1451 1892 1688 1965 speraveram

165 2028 327 2102 tandem
354 2028 554 2123 aliquando
583 2030 803 2131 perfectum!

335 2188 432 2273 Quas
458 2189 625 2263 rationes
653 2190 843 2286 Eugenius
871 2190 1068 2263 Frohweiu
1100 2196 1250 2263 secutus
1278 2197 1336 2264 est
1364 2191 1403 2264 in
1431 2190 1688 2284 componendo

167 2347 288 2422 verbo
310 2347 527 2435 Homerico,
555 2371 616 2422 eas
641 2355 680 2422 et
697 2349 777 2444 ipse
795 2349 977 2423 tenendas
1001 2371 1082 2424 esse
1105 2350 1331 2437 existimavi,
1359 2350 1581 2445 praesertim
1603 2372 1688 2423 cum

166 2507 330 2581 verbum
357 2508 599 2582 Homericum
630 2509 677 2581 ab
710 2509 791 2603 ipso
820 2507 1034 2583 coniectum
1062 2509 1351 2604 hominibusque
1383 2510 1502 2583 doctis
1535 2510 1574 2583 in
1606 2510 1688 2583 uni·

169 2689 326 2742 versum
342 2668 544 2761 probatum
567 2667 607 2740 in
625 2690 751 2742 meum
769 2668 928 2742 indicem
951 2669 1162 2763 receperim.
1199 2670 1323 2764 Atque
1341 2669 1545 2743 maioribus
1563 2669 1689 2744 Iacobi

168 2828 227 2901 La
251 2827 374 2906 Boche
403 2822 630 2902 editionibus
656 2827 768 2925 (lips.
792 2831 878 2904 1867
903 2836 942 2903 et
965 2828 1065 2927 1873)
1095 2850 1185 2903 usus
1213 2830 1335 2924 primo
1363 2830 1445 2905 lece
1469 2829 1508 2904 id
1526 2829 1688 2905 maxime

166 2991 247 3086 egi,
282 2995 325 3061 ut
352 2990 520 3063 omnium
549 2988 830 3078 vocabulorum,
862 2989 1024 3084 quaein
1052 2988 1206 3063 Homeri
1233 2989 1398 3085 Odyssea
1425 2996 1464 3062 et
1490 2989 1607 3062 Iliade
1638 3032 1684 3043 -

166 3149 388 3236 verborum,
412 3171 506 3243 quae
529 3149 569 3221 in
596 3150 746 3245 hymnis
768 3150 1023 3244 reperiuntur,
1048 3149 1316 3243 supellectilem
1340 3148 1443 3224 brevi
1466 3147 1567 3222 foras
1591 3149 1687 3223 dabo

167 3352 226 3364 —
259 3310 450 3405 leguntur,
483 3308 622 3382 formas
656 3315 694 3382 et
725 3309 826 3383 locos
858 3310 1006 3383 ratione
1037 3315 1076 3382 et
1109 3308 1239 3382 ordine
1266 3308 1545 3382 accuratissime
1573 3308 1687 3381 nullis

166 3467 322 3543 omissis
350 3490 617 3542 enumerarem.

332 3628 496 3703 Indicem
524 3629 624 3702 enim
647 3629 896 3703 certissimum
920 3634 960 3701 et
985 3627 1337 3722 locupletissimum,
1366 3628 1430 3722 qui
1457 3650 1585 3702 omnes
1611 3652 1687 3703 om·

166 3789 279 3863 nium
304 3788 572 3862 vocabulorum
598 3789 700 3862 locos
728 3788 936 3875 contineat,
964 3810 1040 3861 non
1063 3787 1226 3874 lexicon,
1254 3788 1363 3881 quale
1386 3787 1570 3861 Henricus
1594 3789 1687 3863 Ebe-

167 3951 252 4046 ling
280 3948 417 4043 aliique
444 3949 614 4022 homines
642 3949 742 4022 docti
770 3954 1074 4042 composuerunt,
1104 3947 1213 4021 edere
1241 3947 1354 4021 volui.

268 4115 291 4174 'x
334 4109 463 4203 Neque
500 4117 626 4181 tamen
664 4108 870 4202 simplicem
911 4107 1233 4181 enumerationem
1275 4107 1473 4182 verborum
1515 4105 1685 4182 sufficere

169 4267 320 4361 putavi:
352 4269 480 4363 itaque
512 4267 640 4342 sedulo
676 4290 828 4362 operam
859 4267 959 4353 dedi,
996 4290 1109 4361 quam
1140 4289 1217 4340 non
1249 4266 1422 4340 inutilem
1453 4265 1534 4340 fore
1565 4288 1686 4361 spero,

170 4433 219 4499 ut
246 4427 367 4500 multa
394 4434 433 4501 et
459 4428 563 4503 varia
589 4451 740 4525 genera,
773 4426 907 4522 quibus
941 4427 1086 4522 singula
1114 4449 1282 4522 quaeque
1309 4425 1491 4501 vocabula
1518 4426 1617 4500 inter
1645 4449 1685 4500 se

170 4586 374 4685 coniuncta
397 4598 436 4661 et
458 4610 624 4662 connexa
646 4595 782 4674 essent,
810 4608 1077 4673 enumerarem,
1104 4586 1307 4680 particulas
1331 4584 1686 4681 coniunctionesque

169 4745 338 4819 maxima
356 4769 441 4821 eum
459 4747 653 4844 diligentia
671 4747 896 4844 colligerem,
920 4747 1095 4821 collectas
1118 4745 1158 4817 in
1182 4767 1291 4818 suum
1310 4767 1495 4839 quamque
1514 4745 1684 4820 ordinem

168 4905 389 5001 redigerem.
447 4906 560 4980 Verbi
600 4907 739 4981 formas
776 4913 903 4981 autem
939 4907 986 4979 ab
1023 4905 1191 5002 Eugenio
1224 4905 1421 4978 Frohwein
1457 4904 1685 4999 compositas

167 5066 297 5139 denuo
321 5065 478 5159 inspexi,
506 5089 600 5161 quae
624 5067 841 5164 corrigenda
864 5072 988 5153 erant,
1016 5065 1173 5152 correxi,
1197 5063 1344 5162 singula
1366 5065 1421 5138 ita
1444 5066 1685 5154 commutavi,

166 5231 216 5298 ut
244 5222 366 5297 maior
393 5225 443 5299 sit
469 5228 725 5321 perspicuitas.
